% !TeX encoding = UTF-8

@Book{matousek,
	author = {Petr Matou\v{s}ek},
	title = {S\'{i}\v{t}ov√© aplikace a jejich architektura},
	publisher = {Nakladatelstv\'{i} Vysok\'{e}ho u\v{c}en\'{i} technick\'{e}ho v Brn\v{e} VUTIUM},
	pages = {396},
	edition = {1},
	year = {2014},
	isbn = {978-80-214-3766-1}
}

@Misc{rfc_2251,
	title = {Lightweight Directory Access Protocol (v3)},
	year = {1997},
	month = {12},
	url = {https://www.ietf.org/rfc/rfc2251.txt}
}

@Misc{rfc_2252,
	title = {Lightweight Directory Access Protocol (v3): Attribute Syntax Definitions},
	year = {1997},
	month = {12},
	url = {https://www.ietf.org/rfc/rfc2252.txt}
}

@Misc{rfc_2254,
	title = {The String Representation of LDAP Search Filters},
	year = {1997},
	month = {12},
	url = {https://www.ietf.org/rfc/rfc2254.txt}
}

@Misc{rfc_4511,
	title = {Lightweight Directory Access Protocol (LDAP): The Protocol},
	year = {2006},
	month = {6},
	url = {https://www.ietf.org/rfc/rfc4511.txt}
}

@Misc{wiki_ldap,
	title = {Lightweight Directory Access Protocol},
	year = {2017},
	month = {11},
	url = {https://cs.wikipedia.org/wiki/LDAP}
}

@Misc{wiki_asn1,
	title = {Abstract Syntax Notation One},
	year = {2013},
	month = {4},
	url = {https://www.ietf.org/rfc/rfc4511.txt}
}

@Misc{wiki_ber,
	title = {Basic Encoding Rules},
	year = {2015},
	month = {3},
	url = {https://www.ietf.org/rfc/rfc4511.txt}
}
