
@Article{score_mea,
	author = {Milo\v{s} Bohon\v{e}k},
	title = {Recenze hry Mass Effect: Andromeda},
	journal = {Score: Kultovn\'{i} hern\'{i} \v{c}asopis},
	year = {2017},
	key = {BOHONEK2017},
	volume = {24},
	number = {278},
	pages = {40--45},
	month = {4},
	issn = {1210--7522},
}

@Book{site,
	author = {Jaroslav Hor\'{a}k and Milan Kerl\v{s}l\'{a}ger},
	title = {Po\v{c}\'{i}ta\v{c}ov\'{e} s\'{i}t\v{e} pro zaèínající spr\'{a}vce},
	publisher = {Computer Press, a.s.},
	year = {2011},
	key = {HORAK2011},
	address = {Holandsk\'{a} 3, 639 00 Brno},
	edition = {5},
	pages = {207},
	isbn = {978--80--251--3176--3},
}

@BachelorThesis{bib_czplain,
	author = {Radek Py¹ný},
	title = {BiBTeX styl pro ÈSN ISO 690 a ÈSN ISO 690-2},
	address = {Brno},
	school = {Vysoké uèení technické v Brnì. Fakulta informaèních technologií},
	year = {2009},
	key = {PYSNY2009},
	url = {http://hdl.handle.net/11012/54636},
}

@Misc{bib_czechiso,
	author = {David Martinek},
	title = {\LaTeX ové speciality},
	subtitle = {Èeský styl pro Bib\TeX},
	year = {2008},
	month = {10},
	url = {http://www.fit.vutbr.cz/~martinek/latex/czechiso.html}
}

@Misc{bib_csplainnat,
	author = {David Mudrák},
	title = {BiBTeX style for the Czech references style},
	year = {2014},
	month = {1},
	url = {http://repo.or.cz/w/csplainnat.git}
}

