% !TeX encoding = UTF-8

@Misc{usborg,
	title = {Universal Serial Bus},
	url = {http://www.usb.org}
}

@Misc{usbnut,
	title = {USB in a NutShell},
	url = {http://www.beyondlogic.org/usbnutshell}
}
